@techreport{ellison-rosu-2010-tr, 
author = "Chucky Ellison and Grigore Ro{\c s}u", 
institution={University of Illinois}, 
number={http://hdl.handle.net/2142/17414}, 
title = "A Formal Semantics of {C} with Applications", 
month = "November", 
year = "2010", 
}

@inproceedings{hills-rosu-2007-rta,
author = {Mark Hills and Grigore Ro\c{s}u},
title = "{KOOL: An Application of Rewriting Logic to Language Prototyping and Analysis}",
booktitle = {Proceedings of the 18th International Conference on Rewriting Techniques and Applications (RTA'07)},
publisher = {Springer},
series    = {LNCS},
volume = 4533,
year={2007},
pages={246--256}
}

@TechReport{meredith-hills-rosu-2007-tr-b,
author = {Patrick Meredith and Mark Hills and Grigore Ro\c{s}u},
title = "{A K Definition of Scheme}",
institution = {University of Illinois at Urbana-Champaign},
Number     = {Department of Computer Science UIUCDCS-R-2007-2907},
Year       = {2007}
}

@inproceedings{farzan-chen-meseguer-rosu-2004-cav,
title={Formal Analysis of Java Programs in JavaFAN},
booktitle={Proceedings of Computer-aided Verification (CAV'04)},        
author={Azadeh Farzan and Feng Chen and Jos\'e Meseguer and Grigore Ro\c{s}u},
series = {LNCS},
volume = {3114},
pages = {501 - 505},
year={2004}
}

@inproceedings{DBLP:conf/uml/MullerFJ05,
  author    = {Pierre-Alain Muller and
               Franck Fleurey and
               Jean-Marc J{\'e}z{\'e}quel},
  title     = {Weaving Executability into Object-Oriented Meta-languages},
  booktitle = {MoDELS},
  year      = {2005},
  pages     = {264-278},
  ee        = {http://dx.doi.org/10.1007/11557432_19},
  crossref  = {DBLP:conf/uml/2005},
  bibsource = {DBLP, http://dblp.uni-trier.de}
}

@proceedings{DBLP:conf/uml/2005,
  editor    = {},
  title     = {Model Driven Engineering Languages and Systems, 8th International
               Conference, MoDELS 2005, Montego Bay, Jamaica, October 2-7,
               2005, Proceedings},
  booktitle = {MoDELS},
  publisher = {Springer},
  series    = {Lecture Notes in Computer Science},
  volume    = {3713},
  year      = {2005},
  isbn      = {3-540-29010-9},
  bibsource = {DBLP, http://dblp.uni-trier.de}
}

@article{rosu-serbanuta-2010-jlap,
  title={An Overview of the {K} Semantic Framework},
  author={Grigore Ro{\c s}u and Traian Florin {\c S}erb{\u a}nu{\c t}{\u a} },
  journal={Journal of Logic and Algebraic Programming},
  volume={79},
  number={6},
  pages={397--434},
  year={2010},
  ee={http://dx.doi.org/10.1016/j.jlap.2010.03.012},
  doi={10.1016/j.jlap.2010.03.012},
}

@inproceedings{rosu-ellison-schulte-2010-amast,
title = {Matching Logic: An Alternative to {H}oare/{F}loyd Logic},
author = {Ro\c{s}u, Grigore and Ellison, Chucky and Schulte, Wolfram},
booktitle = {Proceedings of the 13th International Conference on Algebraic Methodology And Software Technology (AMAST '10)},
year = {2010},
publisher = {LNCS},
editor={Johnson, Michael and Pavlovic, Dusko},
volume = {6486},
pages={142-162},
isbn={978-3-642-17795-8},
}

@Article{r10b,
author ={Vlad Rusu},
title = {Embedding domain-specific modelling languages into {Maude} specifications},
journal = {ACM Software Engineering Notes},
note = {To appear in 2011. Extended version available at \texttt{http://researchers.lille.inria.fr/\textasciitilde{rusu}/SoSym/}}
 }
